<?xml version="1.0" encoding="UTF-8"?>
<collection
  xmlns:xsi="http://www.w3.org/2001/XMLSchema-instance"
  xsi:schemaLocation="http://www.loc.gov/MARC21/slim http://www.loc.gov/standards/marcxml/schema/MARC21slim.xsd"
  xmlns="http://www.loc.gov/MARC21/slim">

<record>
  <leader>01408nam a22003851i 4500</leader>
  <controlfield tag="001">ck8400801</controlfield>
  <controlfield tag="003">CZ PrNK</controlfield>
  <controlfield tag="005">20240904194020.0</controlfield>
  <controlfield tag="007">ta</controlfield>
  <controlfield tag="008">840312s1983    xr a   e      000 0 cze  </controlfield>
  <datafield tag="015" ind1=" " ind2=" ">
    <subfield code="a">cnb000008190</subfield>
    <subfield code="z">cnb000020790</subfield>
  </datafield>
  <datafield tag="020" ind1=" " ind2=" ">
    <subfield code="q">(Brožováno) :</subfield>
    <subfield code="c">Kčs 10,00</subfield>
  </datafield>
  <datafield tag="035" ind1=" " ind2=" ">
    <subfield code="a">(OCoLC)39406753</subfield>
  </datafield>
  <datafield tag="035" ind1=" " ind2=" ">
    <subfield code="a">(OCoLC)39406753</subfield>
  </datafield>
  <datafield tag="040" ind1=" " ind2=" ">
    <subfield code="a">ABA001</subfield>
    <subfield code="b">cze</subfield>
    <subfield code="e">rda</subfield>
  </datafield>
  <datafield tag="080" ind1=" " ind2=" ">
    <subfield code="a">687.053</subfield>
    <subfield code="2">undef</subfield>
  </datafield>
  <datafield tag="100" ind1="1" ind2=" ">
    <subfield code="a">Kareis, Bedřich,</subfield>
    <subfield code="c">sr.</subfield>
    <subfield code="7">jk01052997</subfield>
    <subfield code="4">aut</subfield>
  </datafield>
  <datafield tag="245" ind1="1" ind2="0">
    <subfield code="a">Šicí stroje v domácnosti /</subfield>
    <subfield code="c">Bedřich Kareis, Ing. Bedřich Kareis</subfield>
  </datafield>
  <datafield tag="250" ind1=" " ind2=" ">
    <subfield code="a">1. vyd.</subfield>
  </datafield>
  <datafield tag="264" ind1=" " ind2="1">
    <subfield code="a">Praha :</subfield>
    <subfield code="b">SNTL,</subfield>
    <subfield code="c">1983</subfield>
  </datafield>
  <datafield tag="300" ind1=" " ind2=" ">
    <subfield code="a">79 stran :</subfield>
    <subfield code="b">ilustrace ;</subfield>
    <subfield code="c">21 cm</subfield>
  </datafield>
  <datafield tag="336" ind1=" " ind2=" ">
    <subfield code="a">text</subfield>
    <subfield code="b">txt</subfield>
    <subfield code="2">rdacontent</subfield>
  </datafield>
  <datafield tag="337" ind1=" " ind2=" ">
    <subfield code="a">bez média</subfield>
    <subfield code="b">n</subfield>
    <subfield code="2">rdamedia</subfield>
  </datafield>
  <datafield tag="338" ind1=" " ind2=" ">
    <subfield code="a">svazek</subfield>
    <subfield code="b">nc</subfield>
    <subfield code="2">rdacarrier</subfield>
  </datafield>
  <datafield tag="490" ind1="1" ind2=" ">
    <subfield code="a">Polytechnická knižnice. Řada 3, Udělejte si sami ;</subfield>
    <subfield code="v">svazek 92</subfield>
  </datafield>
  <datafield tag="500" ind1=" " ind2=" ">
    <subfield code="a">18200 výtisků; v roce 1984 dotisk 15200 výtisků</subfield>
  </datafield>
  <datafield tag="504" ind1=" " ind2=" ">
    <subfield code="a">Obsahuje bibliografii</subfield>
  </datafield>
  <datafield tag="655" ind1=" " ind2="7">
    <subfield code="a">příručky</subfield>
    <subfield code="7">fd133209</subfield>
    <subfield code="2">czenas</subfield>
  </datafield>
  <datafield tag="700" ind1="1" ind2=" ">
    <subfield code="a">Kareis, Bedřich,</subfield>
    <subfield code="c">jr.</subfield>
    <subfield code="7">jo20010082589</subfield>
    <subfield code="4">aut</subfield>
  </datafield>
  <datafield tag="830" ind1=" " ind2="0">
    <subfield code="a">Polytechnická knižnice.</subfield>
    <subfield code="p">Udělejte si sami</subfield>
  </datafield>
  <datafield tag="856" ind1="4" ind2="1">
    <subfield code="u">http://krameriusndk.nkp.cz/search/handle/uuid:12b0dfa0-63ec-11e3-ac69-005056827e51</subfield>
    <subfield code="y">Digitalizovaný dokument</subfield>
  </datafield>
  <datafield tag="910" ind1=" " ind2=" ">
    <subfield code="a">ABA001</subfield>
  </datafield>
  <datafield tag="928" ind1="9" ind2=" ">
    <subfield code="a">SNTL - Nakladatelství technické literatury</subfield>
  </datafield>
  <datafield tag="964" ind1=" " ind2=" ">
    <subfield code="a">stroje šicí - typy, konstrukce a obsluha - příručky</subfield>
  </datafield>
  <datafield tag="998" ind1=" " ind2=" ">
    <subfield code="a">000008190</subfield>
  </datafield>
</record>

</collection>